<?xml version="1.0" encoding="UTF-8"?><collection xmlns="http://www.loc.gov/MARC21/slim"><record><leader>00405nam--2200133-i-4500</leader><controlfield tag="001">000023815</controlfield><controlfield tag="002">20161230</controlfield><controlfield tag="005">20161230201035</controlfield><controlfield tag="008">060222s1000------------r-----000-0-eng-d</controlfield><datafield ind1=" " ind2=" " tag="100"><subfield code="a">Von Issai Schur</subfield></datafield><datafield ind1=" " ind2=" " tag="245"><subfield code="a">Die grundlehren der mathematischen wissenschaften. band 143: vorlesungen uber invariantentheorie</subfield></datafield><datafield ind1=" " ind2=" " tag="260"><subfield code="a">Berlin, Springer-verlag, 1968</subfield></datafield><datafield ind1=" " ind2=" " tag="852"><subfield code="a">46496</subfield><subfield code="c">512</subfield></datafield><datafield ind1=" " ind2=" " tag="CAT"><subfield code="a">Sys</subfield><subfield code="c">20080513</subfield><subfield code="h">143019</subfield></datafield></record></collection>